@online{wiki,
	author = "Wikibooks",
	title = "Haskell/Lenses and functional references",
	year = 2023,
	url = "https://en.wikibooks.org/w/index.php?title=Haskell/Lenses_and_functional_references&oldid=4342240",
	urldate = {2024-03-05}
}

@online{school,
	author = "Joseph Abrahamson",
	title = "A Little Lens Starter Tutorial",
	year = 2018,
	url = "https://www.schoolofhaskell.com/school/to-infinity-and-beyond/pick-of-the-week/a-little-lens-starter-tutorial",
	urldate = {2024-03-05}
}
