@online{wiki,
	author = "Wikibooks",
	title = "Haskell/Lenses and functional references",
	year = 2023,
	url = "https://en.wikibooks.org/w/index.php?title=Haskell/Lenses_and_functional_references&oldid=4342240",
	urldate = {2024-03-05}
}

@online{school,
	author = "Joseph Abrahamson",
	title = "A Little Lens Starter Tutorial",
	year = 2018,
	url = "https://www.schoolofhaskell.com/school/to-infinity-and-beyond/pick-of-the-week/a-little-lens-starter-tutorial",
	urldate = {2024-03-05},
	keywords = {suggestion}
}

@online{lensbad,
	author = "Roman Cheplyaka",
	title = "Lens is unidiomatic Haskell",
	year = 2014,
	url = "https://ro-che.info/articles/2014-04-24-lens-unidiomatic.html",
	urldate = {2024-04-09}
}

@online{writelens,
	author = " Veronika Romashkina ",
	title = "Write yourself a lens",
	year = 2019,
	url = "https://vrom911.github.io/blog/write-yourself-a-lens",
	urldate = {2024-13-05},
	keywords = {suggestion}
}

@online{lenshist,
	title = "History of Lenses",
	author = " Edward Kmett",
	year = 2020,
	url = "https://github.com/ekmett/lens/wiki/History-of-Lenses",
	urldate = {2024-04-18}
}

@article{gibbons2009,
	title={The essence of the iterator pattern},
	author={Gibbons, Jeremy and Oliveira, Bruno C d S},
	journal={Journal of functional programming},
	volume={19},
	number={3-4},
	pages={377--402},
	year={2009},
	publisher={Cambridge University Press}
}

@online{palmer2007game,
	title = "Making Haskell nicer for grame programming",
	author = "Luke Palmer",
	year = 2007,
	url = "https://web.archive.org/web/20220222032352/https://lukepalmer.wordpress.com/2007/07/26/making-haskell-nicer-for-game-programming/",
	urldate = {2022-02-22}
}

@online{palmer2007acc,
	title = "Haskell State Accessors (second attempt: Composability)",
	author = "Luke Palmer",
	year = 2007,
	url = "https://web.archive.org/web/20120303223802/https://lukepalmer.wordpress.com/2007/08/05/haskell-state-accessors-second-attempt-composability/",
	urldate = {2012-03-03}
}

@online{laarhoven2009,
	title = "CPS based functional references",
	author = "Twan van Laarhoven",
	year = 2009,
	url = "https://www.twanvl.nl/blog/haskell/cps-functional-references",
	urldate = {2024-04-18},
	keywords = {suggestion}
}

@online{connor2012,
	title = "Polymorphic Update with van Laarhoven Lenses",
	author = "Russell Oâ€™Connor",
	year = 2012,
	url = "https://r6.ca/blog/20120623T104901Z.html",
	urldate = {2024-04-18},
	keywords = {suggestion}
}

@online{kmett2012,
	title = "Mirrored Lenses",
	author = "Edward Kmett",
	year = 2012,
	url = "https://web.archive.org/web/20240301015449/https://comonad.com/reader/2012/mirrored-lenses/",
	urldate = {2024-03-01}
}

@misc{bhargava2013,
	title = "Lenses In Pictures",
	url = "https://www.adit.io/posts/2013-07-22-lenses-in-pictures.html",
	author = "Bhargava, Aditya",
	year = 2013,
	urldate = {2024-04-25},
	keywords = {suggestion}
}
